<?xml version="1.0" encoding="UTF-8"?>
<SOAP-ENV:Envelope xmlns:SOAP-ENV="http://schemas.xmlsoap.org/soap/envelope/" xmlns:of="http://oss.dbc.dk/ns/openformat" xmlns:ofo="http://oss.dbc.dk/ns/openformatoutput"><SOAP-ENV:Body><of:formatResponse><marc21><mx:record xmlns:mx="http://www.loc.gov/MARC21/slim" format="MARC21" type="Bibliographic"><mx:leader>00000nam a22000000c 4500</mx:leader><mx:controlfield tag="008">081111r20082008dk |||||      00|||adan|d</mx:controlfield><mx:datafield ind1=" " ind2=" " tag="020"><mx:subfield code="a">9788702071177 (hf.)</mx:subfield><mx:subfield code="c">kr. 299,00</mx:subfield></mx:datafield><mx:datafield ind1="1" ind2=" " tag="029"><mx:subfield code="a">DKDLA</mx:subfield><mx:subfield code="b">870970-basis:27502148</mx:subfield></mx:datafield><mx:datafield ind1=" " ind2=" " tag="040"><mx:subfield code="a">DKDLA</mx:subfield><mx:subfield code="b">dan</mx:subfield><mx:subfield code="c">DKDLA</mx:subfield></mx:datafield><mx:datafield ind1=" " ind2=" " tag="084"><mx:subfield code="a">99.4 Engell, Hans</mx:subfield><mx:subfield code="2">z</mx:subfield></mx:datafield><mx:datafield ind1=" " ind2=" " tag="084"><mx:subfield code="a">32.269 Det Konservative Folkeparti</mx:subfield><mx:subfield code="2">z</mx:subfield></mx:datafield><mx:datafield ind1=" " ind2=" " tag="084"><mx:subfield code="a">96.72</mx:subfield><mx:subfield code="2">z</mx:subfield></mx:datafield><mx:datafield ind1="1" ind2=" " tag="100"><mx:subfield code="a">Engell, Hans</mx:subfield></mx:datafield><mx:datafield ind1="1" ind2="0" tag="245"><mx:subfield code="a">Farvel til Slotsholmen/</mx:subfield><mx:subfield code="c">Hans Engell</mx:subfield></mx:datafield><mx:datafield ind1=" " ind2=" " tag="250"><mx:subfield code="a">1. udgave, 2. oplag</mx:subfield></mx:datafield><mx:datafield ind1=" " ind2=" " tag="260"><mx:subfield code="a">[Kbh.] :</mx:subfield><mx:subfield code="b">Gyldendal,</mx:subfield><mx:subfield code="c">2008</mx:subfield></mx:datafield><mx:datafield ind1=" " ind2=" " tag="300"><mx:subfield code="a">412 sider :</mx:subfield><mx:subfield code="b">ill.</mx:subfield></mx:datafield><mx:datafield ind1=" " ind2=" " tag="901"><mx:subfield code="a">929</mx:subfield></mx:datafield></mx:record><hs activity="insert">DKDLA</hs><hs activity="insert">DKB</hs></marc21></of:formatResponse></SOAP-ENV:Body></SOAP-ENV:Envelope>
